<?xml version="1.0" encoding="UTF-8"?><record xmlns="http://www.loc.gov/MARC21/slim" xmlns:cinclude="http://apache.org/cocoon/include/1.0" xmlns:zs="http://www.loc.gov/zing/srw/">
  <leader>00876cz  a2200193n  4500</leader>
  <controlfield tag="001">n 2002014435</controlfield>
  <controlfield tag="003">DLC</controlfield>
  <controlfield tag="005">20040915052733.0</controlfield>
  <controlfield tag="008">020611n| acannaabn          |a ana      </controlfield>
  <datafield tag="010" ind1=" " ind2=" ">
    <subfield code="a">n 2002014435</subfield>
  </datafield>
  <datafield tag="035" ind1=" " ind2=" ">
    <subfield code="a">(OCoLC)oca05785883</subfield>
  </datafield>
  <datafield tag="040" ind1=" " ind2=" ">
    <subfield code="a">DLC</subfield>
    <subfield code="b">eng</subfield>
    <subfield code="c">DLC</subfield>
    <subfield code="d">CaQMCCA</subfield>
    <subfield code="d">DLC-S</subfield>
  </datafield>
  <datafield tag="110" ind1="2" ind2=" ">
    <subfield code="a">Cemsuisse</subfield>
  </datafield>
  <datafield tag="410" ind1="2" ind2=" ">
    <subfield code="a">Verband der Schweizerischen Cementindustrie</subfield>
  </datafield>
  <datafield tag="410" ind1="2" ind2=" ">
    <subfield code="a">Association suisse de l'industrie du ciment</subfield>
  </datafield>
  <datafield tag="410" ind1="2" ind2=" ">
    <subfield code="a">Associazione svizzera dell'industria del cemento</subfield>
  </datafield>
  <datafield tag="510" ind1="2" ind2=" ">
    <subfield code="w">a</subfield>
    <subfield code="a">Verein Schweizerischer Zement-, Kalk- und Gips-Fabrikanten</subfield>
  </datafield>
  <datafield tag="670" ind1=" " ind2=" ">
    <subfield code="a">Beton 01, c2001:</subfield>
    <subfield code="b">colophon (Cemsuisse; Verband der Schweizerischen Cementindustrie, Association suisse de l'industrie du ciment, Associazione svizzera dell'industria del cemento; loc. Bern)</subfield>
  </datafield>
  <datafield tag="675" ind1=" " ind2=" ">
    <subfield code="a">Architekturpreis Beton 81, c1981: cover p. 3 (Verein Schweizerischer Zement-, Kalk- und Gips-Fabrikanten)</subfield>
  </datafield>
</record>